{
  "generated_at": "2026-02-16T10:55:53.753310+00:00",
  "settings": {
    "list_mode": "default",
    "custom_tickers": "",
    "include_benchmarks": true
  },
  "assets": [
    {
      "name": "Nvidia",
      "ticker": "NVDA",
      "index": "S&P 500",
      "benchmark": false,
      "latest_period": "2025-10-31",
      "prior_period": "2024-10-31",
      "sector": "Technology",
      "industry": "Semiconductors",
      "price": 182.81,
      "valuation_model": "PE",
      "valuation_style": "tech_hypergrowth",
      "actual_multiple": 45.24,
      "fair_multiple": 47.64,
      "multiple_ratio": 0.95,
      "fair_price": 192.51,
      "valuation_gap_pct": 5.3,
      "assessment": "Fair",
      "opportunity_score": 90.1,
      "score_total": 80.1,
      "grade": "B-",
      "data_completeness_pct": 100.0,
      "components": {
        "growth_revenue": 15.0,
        "growth_eps": 15.0,
        "profit_margin_level": 12.0,
        "profit_margin_yoy": 8.1,
        "guidance": 12.0,
        "capital_fcf": 9.2,
        "capital_leverage": 8.8
      },
      "metrics": {
        "revenue_yoy_pct": 62.5,
        "eps_yoy_pct": 66.7,
        "op_margin_latest_pct": 63.2,
        "op_margin_prior_pct": 62.3,
        "fcf_yoy_pct": 31.5,
        "net_debt_to_ebitda": 0.07
      },
      "next_earnings_iso": "2026-02-25T21:00:00+00:00",
      "next_earnings_ts": 1772053200
    },
    {
      "name": "Apple",
      "ticker": "AAPL",
      "index": "S&P 500",
      "benchmark": false,
      "latest_period": "2025-12-31",
      "prior_period": "2024-12-31",
      "sector": "Technology",
      "industry": "Consumer Electronics",
      "price": 255.78,
      "valuation_model": "PE",
      "valuation_style": "tech_quality",
      "actual_multiple": 32.38,
      "fair_multiple": 36.67,
      "multiple_ratio": 0.88,
      "fair_price": 289.69,
      "valuation_gap_pct": 13.3,
      "assessment": "Fair",
      "opportunity_score": 85.5,
      "score_total": 75.5,
      "grade": "C",
      "data_completeness_pct": 100.0,
      "components": {
        "growth_revenue": 13.8,
        "growth_eps": 10.8,
        "profit_margin_level": 12.0,
        "profit_margin_yoy": 8.1,
        "guidance": 12.0,
        "capital_fcf": 10.0,
        "capital_leverage": 8.8
      },
      "metrics": {
        "revenue_yoy_pct": 15.7,
        "eps_yoy_pct": 18.3,
        "op_margin_latest_pct": 35.4,
        "op_margin_prior_pct": 34.5,
        "fcf_yoy_pct": 91.0,
        "net_debt_to_ebitda": 0.21
      },
      "next_earnings_iso": "2026-04-30T21:00:00+00:00",
      "next_earnings_ts": 1777582800
    },
    {
      "name": "Microsoft",
      "ticker": "MSFT",
      "index": "S&P 500",
      "benchmark": false,
      "latest_period": "2025-12-31",
      "prior_period": "2024-12-31",
      "sector": "Technology",
      "industry": "Software - Infrastructure",
      "price": 401.32,
      "valuation_model": "PE",
      "valuation_style": "tech_hypergrowth",
      "actual_multiple": 25.13,
      "fair_multiple": 46.13,
      "multiple_ratio": 0.54,
      "fair_price": 736.7,
      "valuation_gap_pct": 83.6,
      "assessment": "Undervalued",
      "opportunity_score": 106.5,
      "score_total": 76.5,
      "grade": "C",
      "data_completeness_pct": 100.0,
      "components": {
        "growth_revenue": 13.8,
        "growth_eps": 15.0,
        "profit_margin_level": 12.0,
        "profit_margin_yoy": 9.9,
        "guidance": 12.0,
        "capital_fcf": 5.0,
        "capital_leverage": 8.8
      },
      "metrics": {
        "revenue_yoy_pct": 16.7,
        "eps_yoy_pct": 59.8,
        "op_margin_latest_pct": 47.1,
        "op_margin_prior_pct": 45.5,
        "fcf_yoy_pct": -9.3,
        "net_debt_to_ebitda": 0.07
      },
      "next_earnings_iso": "2026-04-29T21:00:00+00:00",
      "next_earnings_ts": 1777496400
    },
    {
      "name": "Amazon",
      "ticker": "AMZN",
      "index": "S&P 500",
      "benchmark": false,
      "latest_period": "2025-12-31",
      "prior_period": "2024-12-31",
      "sector": "Consumer Cyclical",
      "industry": "Internet Retail",
      "price": 198.79,
      "valuation_model": "PE",
      "valuation_style": "tech_hypergrowth",
      "actual_multiple": 27.69,
      "fair_multiple": 38.61,
      "multiple_ratio": 0.72,
      "fair_price": 277.23,
      "valuation_gap_pct": 39.5,
      "assessment": "Undervalued",
      "opportunity_score": 88.6,
      "score_total": 58.6,
      "grade": "F",
      "data_completeness_pct": 100.0,
      "components": {
        "growth_revenue": 12.3,
        "growth_eps": 8.2,
        "profit_margin_level": 6.0,
        "profit_margin_yoy": 8.1,
        "guidance": 12.0,
        "capital_fcf": 3.2,
        "capital_leverage": 8.8
      },
      "metrics": {
        "revenue_yoy_pct": 13.6,
        "eps_yoy_pct": 4.8,
        "op_margin_latest_pct": 11.7,
        "op_margin_prior_pct": 11.3,
        "fcf_yoy_pct": -16.1,
        "net_debt_to_ebitda": 0.82
      },
      "next_earnings_iso": "2026-04-30T21:00:00+00:00",
      "next_earnings_ts": 1777582800
    },
    {
      "name": "Alphabet",
      "ticker": "GOOGL",
      "index": "S&P 500",
      "benchmark": false,
      "latest_period": "2025-12-31",
      "prior_period": "2024-12-31",
      "sector": "Communication Services",
      "industry": "Internet Content & Information",
      "price": 305.72,
      "valuation_model": "PE",
      "valuation_style": "tech_hypergrowth",
      "actual_multiple": 28.26,
      "fair_multiple": 43.48,
      "multiple_ratio": 0.65,
      "fair_price": 470.5,
      "valuation_gap_pct": 53.9,
      "assessment": "Undervalued",
      "opportunity_score": 100.2,
      "score_total": 70.2,
      "grade": "C-",
      "data_completeness_pct": 100.0,
      "components": {
        "growth_revenue": 13.8,
        "growth_eps": 12.8,
        "profit_margin_level": 12.0,
        "profit_margin_yoy": 5.9,
        "guidance": 12.0,
        "capital_fcf": 5.0,
        "capital_leverage": 8.8
      },
      "metrics": {
        "revenue_yoy_pct": 18.0,
        "eps_yoy_pct": 31.2,
        "op_margin_latest_pct": 31.6,
        "op_margin_prior_pct": 32.1,
        "fcf_yoy_pct": -1.2,
        "net_debt_to_ebitda": 0.09
      },
      "next_earnings_iso": "2026-04-23T21:00:00+00:00",
      "next_earnings_ts": 1776978000
    },
    {
      "name": "Meta",
      "ticker": "META",
      "index": "S&P 500",
      "benchmark": false,
      "latest_period": "2025-12-31",
      "prior_period": "2024-12-31",
      "sector": "Communication Services",
      "industry": "Internet Content & Information",
      "price": 639.77,
      "valuation_model": "PE",
      "valuation_style": "tech_hypergrowth",
      "actual_multiple": 27.25,
      "fair_multiple": 41.55,
      "multiple_ratio": 0.66,
      "fair_price": 975.64,
      "valuation_gap_pct": 52.5,
      "assessment": "Undervalued",
      "opportunity_score": 95.6,
      "score_total": 65.6,
      "grade": "D",
      "data_completeness_pct": 100.0,
      "components": {
        "growth_revenue": 13.8,
        "growth_eps": 10.8,
        "profit_margin_level": 12.0,
        "profit_margin_yoy": 1.6,
        "guidance": 12.0,
        "capital_fcf": 6.6,
        "capital_leverage": 8.8
      },
      "metrics": {
        "revenue_yoy_pct": 23.8,
        "eps_yoy_pct": 10.7,
        "op_margin_latest_pct": 41.3,
        "op_margin_prior_pct": 48.3,
        "fcf_yoy_pct": 9.3,
        "net_debt_to_ebitda": 0.18
      },
      "next_earnings_iso": "2026-04-29T21:00:00+00:00",
      "next_earnings_ts": 1777496400
    },
    {
      "name": "Broadcom",
      "ticker": "AVGO",
      "index": "S&P 500",
      "benchmark": false,
      "latest_period": "2025-10-31",
      "prior_period": "2024-10-31",
      "sector": "Technology",
      "industry": "Semiconductors",
      "price": 325.17,
      "valuation_model": "PE",
      "valuation_style": "tech_hypergrowth",
      "actual_multiple": 68.03,
      "fair_multiple": 49.36,
      "multiple_ratio": 1.38,
      "fair_price": 235.96,
      "valuation_gap_pct": -27.4,
      "assessment": "Overvalued",
      "opportunity_score": 64.2,
      "score_total": 84.2,
      "grade": "B",
      "data_completeness_pct": 100.0,
      "components": {
        "growth_revenue": 15.0,
        "growth_eps": 15.0,
        "profit_margin_level": 12.0,
        "profit_margin_yoy": 13.0,
        "guidance": 12.0,
        "capital_fcf": 10.0,
        "capital_leverage": 7.2
      },
      "metrics": {
        "revenue_yoy_pct": 28.2,
        "eps_yoy_pct": 93.3,
        "op_margin_latest_pct": 41.7,
        "op_margin_prior_pct": 32.9,
        "fcf_yoy_pct": 36.2,
        "net_debt_to_ebitda": 1.24
      },
      "next_earnings_iso": "2026-03-04T21:00:00+00:00",
      "next_earnings_ts": 1772658000
    },
    {
      "name": "Tesla",
      "ticker": "TSLA",
      "index": "S&P 500",
      "benchmark": false,
      "latest_period": "2025-12-31",
      "prior_period": "2024-12-31",
      "sector": "Consumer Cyclical",
      "industry": "Auto Manufacturers",
      "price": 417.44,
      "valuation_model": "PE",
      "valuation_style": "broad_market",
      "actual_multiple": 382.97,
      "fair_multiple": 16.0,
      "multiple_ratio": 23.94,
      "fair_price": 17.44,
      "valuation_gap_pct": -95.8,
      "assessment": "Overvalued",
      "opportunity_score": 14.6,
      "score_total": 34.6,
      "grade": "F",
      "data_completeness_pct": 100.0,
      "components": {
        "growth_revenue": 4.5,
        "growth_eps": 0.0,
        "profit_margin_level": 3.6,
        "profit_margin_yoy": 5.9,
        "guidance": 12.0,
        "capital_fcf": 1.5,
        "capital_leverage": 7.2
      },
      "metrics": {
        "revenue_yoy_pct": -3.1,
        "eps_yoy_pct": -63.6,
        "op_margin_latest_pct": 5.7,
        "op_margin_prior_pct": 6.2,
        "fcf_yoy_pct": -30.2,
        "net_debt_to_ebitda": 1.26
      },
      "next_earnings_iso": "2026-04-21T21:00:00+00:00",
      "next_earnings_ts": 1776805200
    },
    {
      "name": "Berkshire Hathaway",
      "ticker": "BRK-B",
      "index": "S&P 500",
      "benchmark": false,
      "latest_period": "2025-09-30",
      "prior_period": "2024-09-30",
      "sector": "Financial Services",
      "industry": "Insurance - Diversified",
      "price": 497.55,
      "valuation_model": "PB",
      "valuation_style": "financials",
      "actual_multiple": 0.0,
      "fair_multiple": 1.29,
      "multiple_ratio": 0.0,
      "fair_price": 628333.22,
      "valuation_gap_pct": 126185.4,
      "assessment": "Undervalued",
      "opportunity_score": 68.6,
      "score_total": 38.6,
      "grade": "F",
      "data_completeness_pct": 35.0,
      "components": {
        "guidance": 12.0,
        "capital_fcf": 1.5
      },
      "metrics": {
        "revenue_yoy_pct": null,
        "eps_yoy_pct": null,
        "op_margin_latest_pct": null,
        "op_margin_prior_pct": null,
        "fcf_yoy_pct": -42.4,
        "net_debt_to_ebitda": null
      },
      "next_earnings_iso": "2026-02-28T21:00:00+00:00",
      "next_earnings_ts": 1772312400
    },
    {
      "name": "Walmart",
      "ticker": "WMT",
      "index": "S&P 500",
      "benchmark": false,
      "latest_period": "2025-10-31",
      "prior_period": "2024-10-31",
      "sector": "Consumer Defensive",
      "industry": "Discount Stores",
      "price": 133.89,
      "valuation_model": "PE",
      "valuation_style": "broad_market",
      "actual_multiple": 46.65,
      "fair_multiple": 23.38,
      "multiple_ratio": 2.0,
      "fair_price": 67.1,
      "valuation_gap_pct": -49.9,
      "assessment": "Overvalued",
      "opportunity_score": 43.0,
      "score_total": 63.0,
      "grade": "D",
      "data_completeness_pct": 100.0,
      "components": {
        "growth_revenue": 10.5,
        "growth_eps": 14.1,
        "profit_margin_level": 1.8,
        "profit_margin_yoy": 5.9,
        "guidance": 12.0,
        "capital_fcf": 10.0,
        "capital_leverage": 8.8
      },
      "metrics": {
        "revenue_yoy_pct": 5.8,
        "eps_yoy_pct": 35.1,
        "op_margin_latest_pct": 3.7,
        "op_margin_prior_pct": 4.0,
        "fcf_yoy_pct": 405.9,
        "net_debt_to_ebitda": 0.72
      },
      "next_earnings_iso": "2026-02-19T13:30:00+00:00",
      "next_earnings_ts": 1771507800
    },
    {
      "name": "Eli Lilly",
      "ticker": "LLY",
      "index": "S&P 500",
      "benchmark": false,
      "latest_period": "2025-12-31",
      "prior_period": "2024-12-31",
      "sector": "Healthcare",
      "industry": "Drug Manufacturers - General",
      "price": 1040.0,
      "valuation_model": "PE",
      "valuation_style": "healthcare",
      "actual_multiple": 45.26,
      "fair_multiple": 31.74,
      "multiple_ratio": 1.43,
      "fair_price": 729.39,
      "valuation_gap_pct": -29.9,
      "assessment": "Overvalued",
      "opportunity_score": 55.8,
      "score_total": 75.8,
      "grade": "C",
      "data_completeness_pct": 100.0,
      "components": {
        "growth_revenue": 15.0,
        "growth_eps": 15.0,
        "profit_margin_level": 12.0,
        "profit_margin_yoy": 13.0,
        "guidance": 12.0,
        "capital_fcf": 0.0,
        "capital_leverage": 8.8
      },
      "metrics": {
        "revenue_yoy_pct": 42.6,
        "eps_yoy_pct": 51.4,
        "op_margin_latest_pct": 46.6,
        "op_margin_prior_pct": 42.0,
        "fcf_yoy_pct": -65.0,
        "net_debt_to_ebitda": 0.73
      },
      "next_earnings_iso": "2026-04-30T13:30:00+00:00",
      "next_earnings_ts": 1777555800
    },
    {
      "name": "JPMorgan Chase",
      "ticker": "JPM",
      "index": "S&P 500",
      "benchmark": false,
      "latest_period": "2025-12-31",
      "prior_period": "2024-12-31",
      "sector": "Financial Services",
      "industry": "Banks - Diversified",
      "price": 302.55,
      "valuation_model": "PB",
      "valuation_style": "financials",
      "actual_multiple": 2.38,
      "fair_multiple": 1.55,
      "multiple_ratio": 1.53,
      "fair_price": 197.34,
      "valuation_gap_pct": -34.8,
      "assessment": "Overvalued",
      "opportunity_score": 33.0,
      "score_total": 53.0,
      "grade": "F",
      "data_completeness_pct": 50.0,
      "components": {
        "growth_eps": 4.5,
        "guidance": 12.0,
        "capital_fcf": 10.0
      },
      "metrics": {
        "revenue_yoy_pct": null,
        "eps_yoy_pct": -3.7,
        "op_margin_latest_pct": null,
        "op_margin_prior_pct": null,
        "fcf_yoy_pct": 39.0,
        "net_debt_to_ebitda": null
      },
      "next_earnings_iso": "2026-04-14T13:30:00+00:00",
      "next_earnings_ts": 1776173400
    },
    {
      "name": "Visa",
      "ticker": "V",
      "index": "S&P 500",
      "benchmark": false,
      "latest_period": "2025-12-31",
      "prior_period": "2024-12-31",
      "sector": "Financial Services",
      "industry": "Credit Services",
      "price": 314.08,
      "valuation_model": "PE",
      "valuation_style": "financials",
      "actual_multiple": 29.49,
      "fair_multiple": 24.86,
      "multiple_ratio": 1.19,
      "fair_price": 264.78,
      "valuation_gap_pct": -15.7,
      "assessment": "Overvalued",
      "opportunity_score": 48.7,
      "score_total": 68.7,
      "grade": "D+",
      "data_completeness_pct": 100.0,
      "components": {
        "growth_revenue": 12.3,
        "growth_eps": 10.8,
        "profit_margin_level": 12.0,
        "profit_margin_yoy": 3.6,
        "guidance": 12.0,
        "capital_fcf": 9.2,
        "capital_leverage": 8.8
      },
      "metrics": {
        "revenue_yoy_pct": 14.6,
        "eps_yoy_pct": 17.4,
        "op_margin_latest_pct": 61.8,
        "op_margin_prior_pct": 65.6,
        "fcf_yoy_pct": 26.7,
        "net_debt_to_ebitda": 0.22
      },
      "next_earnings_iso": "2026-04-28T21:00:00+00:00",
      "next_earnings_ts": 1777410000
    },
    {
      "name": "ExxonMobil",
      "ticker": "XOM",
      "index": "S&P 500",
      "benchmark": false,
      "latest_period": "2025-12-31",
      "prior_period": "2024-12-31",
      "sector": "Energy",
      "industry": "Oil & Gas Integrated",
      "price": 148.45,
      "valuation_model": "EV/EBITDA",
      "valuation_style": "energy",
      "actual_multiple": 11.21,
      "fair_multiple": 6.96,
      "multiple_ratio": 1.61,
      "fair_price": 92.13,
      "valuation_gap_pct": -37.9,
      "assessment": "Overvalued",
      "opportunity_score": 16.0,
      "score_total": 36.0,
      "grade": "F",
      "data_completeness_pct": 50.0,
      "components": {
        "growth_eps": 4.5,
        "guidance": 12.0,
        "capital_fcf": 1.5
      },
      "metrics": {
        "revenue_yoy_pct": null,
        "eps_yoy_pct": -11.0,
        "op_margin_latest_pct": null,
        "op_margin_prior_pct": 9.6,
        "fcf_yoy_pct": -46.9,
        "net_debt_to_ebitda": null
      },
      "next_earnings_iso": "2026-05-01T13:30:00+00:00",
      "next_earnings_ts": 1777642200
    },
    {
      "name": "Johnson & Johnson",
      "ticker": "JNJ",
      "index": "S&P 500",
      "benchmark": false,
      "latest_period": "2025-12-31",
      "prior_period": "2024-12-31",
      "sector": "Healthcare",
      "industry": "Drug Manufacturers - General",
      "price": 243.45,
      "valuation_model": "PE",
      "valuation_style": "healthcare",
      "actual_multiple": 22.07,
      "fair_multiple": 31.92,
      "multiple_ratio": 0.69,
      "fair_price": 352.08,
      "valuation_gap_pct": 44.6,
      "assessment": "Undervalued",
      "opportunity_score": 106.4,
      "score_total": 76.4,
      "grade": "C",
      "data_completeness_pct": 100.0,
      "components": {
        "growth_revenue": 10.5,
        "growth_eps": 14.1,
        "profit_margin_level": 10.0,
        "profit_margin_yoy": 13.0,
        "guidance": 12.0,
        "capital_fcf": 8.0,
        "capital_leverage": 8.8
      },
      "metrics": {
        "revenue_yoy_pct": 9.1,
        "eps_yoy_pct": 48.9,
        "op_margin_latest_pct": 22.8,
        "op_margin_prior_pct": 16.2,
        "fcf_yoy_pct": 13.1,
        "net_debt_to_ebitda": 0.98
      },
      "next_earnings_iso": "2026-04-14T13:30:00+00:00",
      "next_earnings_ts": 1776173400
    },
    {
      "name": "Novo Nordisk",
      "ticker": "NVO",
      "index": "OMXC25",
      "benchmark": false,
      "latest_period": "2025-12-31",
      "prior_period": "2024-12-31",
      "sector": "Healthcare",
      "industry": "Drug Manufacturers - General",
      "price": 49.57,
      "valuation_model": "PE",
      "valuation_style": "healthcare",
      "actual_multiple": 13.54,
      "fair_multiple": 22.62,
      "multiple_ratio": 0.6,
      "fair_price": 82.79,
      "valuation_gap_pct": 67.0,
      "assessment": "Undervalued",
      "opportunity_score": 75.4,
      "score_total": 45.4,
      "grade": "F",
      "data_completeness_pct": 100.0,
      "components": {
        "growth_revenue": 4.5,
        "growth_eps": 4.5,
        "profit_margin_level": 12.0,
        "profit_margin_yoy": 3.6,
        "guidance": 12.0,
        "capital_fcf": 0.0,
        "capital_leverage": 8.8
      },
      "metrics": {
        "revenue_yoy_pct": -7.6,
        "eps_yoy_pct": -4.7,
        "op_margin_latest_pct": 40.1,
        "op_margin_prior_pct": 42.9,
        "fcf_yoy_pct": -750.8,
        "net_debt_to_ebitda": 0.64
      },
      "next_earnings_iso": "2026-05-06T13:30:00+00:00",
      "next_earnings_ts": 1778074200
    },
    {
      "name": "Nordea",
      "ticker": "NDA-FI.HE",
      "index": "OMXC25",
      "benchmark": false,
      "latest_period": "2025-12-31",
      "prior_period": "2024-09-30",
      "sector": "Financial Services",
      "industry": "Banks - Regional",
      "price": 16.47,
      "valuation_model": "PB",
      "valuation_style": "financials",
      "actual_multiple": 1.74,
      "fair_multiple": 1.18,
      "multiple_ratio": 1.47,
      "fair_price": 11.2,
      "valuation_gap_pct": -32.0,
      "assessment": "Overvalued",
      "opportunity_score": 12.3,
      "score_total": 32.3,
      "grade": "F",
      "data_completeness_pct": 65.0,
      "components": {
        "growth_revenue": 4.5,
        "growth_eps": 4.5,
        "guidance": 12.0,
        "capital_fcf": 0.0
      },
      "metrics": {
        "revenue_yoy_pct": -2.3,
        "eps_yoy_pct": -5.6,
        "op_margin_latest_pct": null,
        "op_margin_prior_pct": null,
        "fcf_yoy_pct": -92.6,
        "net_debt_to_ebitda": null
      },
      "next_earnings_iso": "2026-04-22T16:30:00+00:00",
      "next_earnings_ts": 1776875400
    },
    {
      "name": "DSV",
      "ticker": "DSV.CO",
      "index": "OMXC25",
      "benchmark": false,
      "latest_period": "2025-12-31",
      "prior_period": "2024-09-30",
      "sector": "Industrials",
      "industry": "Integrated Freight & Logistics",
      "price": 1661.5,
      "valuation_model": "EV/EBITDA",
      "valuation_style": "industrials",
      "actual_multiple": 22.55,
      "fair_multiple": 9.29,
      "multiple_ratio": 2.43,
      "fair_price": 684.55,
      "valuation_gap_pct": -58.8,
      "assessment": "Overvalued",
      "opportunity_score": 37.2,
      "score_total": 57.2,
      "grade": "F",
      "data_completeness_pct": 85.0,
      "components": {
        "growth_revenue": 15.0,
        "profit_margin_level": 3.6,
        "profit_margin_yoy": 3.6,
        "guidance": 12.0,
        "capital_fcf": 9.2,
        "capital_leverage": 5.2
      },
      "metrics": {
        "revenue_yoy_pct": 62.6,
        "eps_yoy_pct": null,
        "op_margin_latest_pct": 7.8,
        "op_margin_prior_pct": 10.0,
        "fcf_yoy_pct": 33.8,
        "net_debt_to_ebitda": 2.67
      },
      "next_earnings_iso": "2026-04-29T16:00:00+00:00",
      "next_earnings_ts": 1777478400
    },
    {
      "name": "Danske Bank",
      "ticker": "DANSKE.CO",
      "index": "OMXC25",
      "benchmark": false,
      "latest_period": "2025-12-31",
      "prior_period": "2024-12-31",
      "sector": "Financial Services",
      "industry": "Banks - Regional",
      "price": 334.1,
      "valuation_model": "PB",
      "valuation_style": "financials",
      "actual_multiple": 1.5,
      "fair_multiple": 1.69,
      "multiple_ratio": 0.89,
      "fair_price": 375.44,
      "valuation_gap_pct": 12.4,
      "assessment": "Fair",
      "opportunity_score": 70.5,
      "score_total": 60.5,
      "grade": "D-",
      "data_completeness_pct": 50.0,
      "components": {
        "growth_revenue": 8.2,
        "guidance": 12.0,
        "capital_fcf": 10.0
      },
      "metrics": {
        "revenue_yoy_pct": 4.6,
        "eps_yoy_pct": null,
        "op_margin_latest_pct": null,
        "op_margin_prior_pct": null,
        "fcf_yoy_pct": 177.0,
        "net_debt_to_ebitda": null
      },
      "next_earnings_iso": "2026-04-30T16:00:00+00:00",
      "next_earnings_ts": 1777564800
    },
    {
      "name": "A.P. Moller - Maersk",
      "ticker": "MAERSK-B.CO",
      "index": "OMXC25",
      "benchmark": false,
      "latest_period": "2025-12-31",
      "prior_period": "2024-12-31",
      "sector": "Industrials",
      "industry": "Marine Shipping",
      "price": 14990.0,
      "valuation_model": "EV/EBITDA",
      "valuation_style": "industrials",
      "actual_multiple": 36.25,
      "fair_multiple": 6.96,
      "multiple_ratio": 5.21,
      "fair_price": 2878.24,
      "valuation_gap_pct": -80.8,
      "assessment": "Overvalued",
      "opportunity_score": 16.0,
      "score_total": 36.0,
      "grade": "F",
      "data_completeness_pct": 50.0,
      "components": {
        "growth_revenue": 4.5,
        "guidance": 12.0,
        "capital_fcf": 1.5
      },
      "metrics": {
        "revenue_yoy_pct": -8.7,
        "eps_yoy_pct": null,
        "op_margin_latest_pct": null,
        "op_margin_prior_pct": null,
        "fcf_yoy_pct": -42.2,
        "net_debt_to_ebitda": null
      },
      "next_earnings_iso": "2026-02-05T16:00:00+00:00",
      "next_earnings_ts": 1770307200
    },
    {
      "name": "MSCI World ACWI (benchmark)",
      "ticker": "ACWI",
      "index": "Benchmark",
      "benchmark": true,
      "latest_period": "",
      "prior_period": "",
      "sector": "Broad Market Index",
      "industry": "Diversified",
      "price": 145.94,
      "valuation_model": "PE",
      "valuation_style": "broad_market",
      "actual_multiple": 23.58,
      "fair_multiple": 20.0,
      "multiple_ratio": 1.18,
      "fair_price": 123.76,
      "valuation_gap_pct": -15.2,
      "assessment": "Overvalued",
      "opportunity_score": 0.0,
      "score_total": null,
      "grade": "N/A",
      "data_completeness_pct": null,
      "components": {},
      "metrics": {}
    },
    {
      "name": "S&P 500 (benchmark)",
      "ticker": "^GSPC",
      "index": "Benchmark",
      "benchmark": true,
      "latest_period": "",
      "prior_period": "",
      "sector": "Broad Market Index",
      "industry": "Diversified",
      "price": 6836.17,
      "valuation_model": "PE",
      "valuation_style": "broad_market",
      "actual_multiple": 27.45,
      "fair_multiple": 21.0,
      "multiple_ratio": 1.31,
      "fair_price": 5229.59,
      "valuation_gap_pct": -23.5,
      "assessment": "Overvalued",
      "opportunity_score": 0.0,
      "score_total": null,
      "grade": "N/A",
      "data_completeness_pct": null,
      "components": {},
      "metrics": {}
    },
    {
      "name": "OMXC25 (benchmark)",
      "ticker": "^OMXC25",
      "index": "Benchmark",
      "benchmark": true,
      "latest_period": "",
      "prior_period": "",
      "sector": "Broad Market Index",
      "industry": "Diversified",
      "price": 1802.13,
      "valuation_model": "PE",
      "valuation_style": "broad_market",
      "actual_multiple": 15.66,
      "fair_multiple": 17.5,
      "multiple_ratio": 0.9,
      "fair_price": 2013.31,
      "valuation_gap_pct": 11.7,
      "assessment": "Fair",
      "opportunity_score": 0.0,
      "score_total": null,
      "grade": "N/A",
      "data_completeness_pct": null,
      "components": {},
      "metrics": {}
    }
  ],
  "top_opportunities": [
    {
      "name": "Microsoft",
      "ticker": "MSFT",
      "index": "S&P 500",
      "benchmark": false,
      "latest_period": "2025-12-31",
      "prior_period": "2024-12-31",
      "sector": "Technology",
      "industry": "Software - Infrastructure",
      "price": 401.32,
      "valuation_model": "PE",
      "valuation_style": "tech_hypergrowth",
      "actual_multiple": 25.13,
      "fair_multiple": 46.13,
      "multiple_ratio": 0.54,
      "fair_price": 736.7,
      "valuation_gap_pct": 83.6,
      "assessment": "Undervalued",
      "opportunity_score": 106.5,
      "score_total": 76.5,
      "grade": "C",
      "data_completeness_pct": 100.0,
      "components": {
        "growth_revenue": 13.8,
        "growth_eps": 15.0,
        "profit_margin_level": 12.0,
        "profit_margin_yoy": 9.9,
        "guidance": 12.0,
        "capital_fcf": 5.0,
        "capital_leverage": 8.8
      },
      "metrics": {
        "revenue_yoy_pct": 16.7,
        "eps_yoy_pct": 59.8,
        "op_margin_latest_pct": 47.1,
        "op_margin_prior_pct": 45.5,
        "fcf_yoy_pct": -9.3,
        "net_debt_to_ebitda": 0.07
      },
      "next_earnings_iso": "2026-04-29T21:00:00+00:00",
      "next_earnings_ts": 1777496400
    },
    {
      "name": "Johnson & Johnson",
      "ticker": "JNJ",
      "index": "S&P 500",
      "benchmark": false,
      "latest_period": "2025-12-31",
      "prior_period": "2024-12-31",
      "sector": "Healthcare",
      "industry": "Drug Manufacturers - General",
      "price": 243.45,
      "valuation_model": "PE",
      "valuation_style": "healthcare",
      "actual_multiple": 22.07,
      "fair_multiple": 31.92,
      "multiple_ratio": 0.69,
      "fair_price": 352.08,
      "valuation_gap_pct": 44.6,
      "assessment": "Undervalued",
      "opportunity_score": 106.4,
      "score_total": 76.4,
      "grade": "C",
      "data_completeness_pct": 100.0,
      "components": {
        "growth_revenue": 10.5,
        "growth_eps": 14.1,
        "profit_margin_level": 10.0,
        "profit_margin_yoy": 13.0,
        "guidance": 12.0,
        "capital_fcf": 8.0,
        "capital_leverage": 8.8
      },
      "metrics": {
        "revenue_yoy_pct": 9.1,
        "eps_yoy_pct": 48.9,
        "op_margin_latest_pct": 22.8,
        "op_margin_prior_pct": 16.2,
        "fcf_yoy_pct": 13.1,
        "net_debt_to_ebitda": 0.98
      },
      "next_earnings_iso": "2026-04-14T13:30:00+00:00",
      "next_earnings_ts": 1776173400
    },
    {
      "name": "Alphabet",
      "ticker": "GOOGL",
      "index": "S&P 500",
      "benchmark": false,
      "latest_period": "2025-12-31",
      "prior_period": "2024-12-31",
      "sector": "Communication Services",
      "industry": "Internet Content & Information",
      "price": 305.72,
      "valuation_model": "PE",
      "valuation_style": "tech_hypergrowth",
      "actual_multiple": 28.26,
      "fair_multiple": 43.48,
      "multiple_ratio": 0.65,
      "fair_price": 470.5,
      "valuation_gap_pct": 53.9,
      "assessment": "Undervalued",
      "opportunity_score": 100.2,
      "score_total": 70.2,
      "grade": "C-",
      "data_completeness_pct": 100.0,
      "components": {
        "growth_revenue": 13.8,
        "growth_eps": 12.8,
        "profit_margin_level": 12.0,
        "profit_margin_yoy": 5.9,
        "guidance": 12.0,
        "capital_fcf": 5.0,
        "capital_leverage": 8.8
      },
      "metrics": {
        "revenue_yoy_pct": 18.0,
        "eps_yoy_pct": 31.2,
        "op_margin_latest_pct": 31.6,
        "op_margin_prior_pct": 32.1,
        "fcf_yoy_pct": -1.2,
        "net_debt_to_ebitda": 0.09
      },
      "next_earnings_iso": "2026-04-23T21:00:00+00:00",
      "next_earnings_ts": 1776978000
    },
    {
      "name": "Meta",
      "ticker": "META",
      "index": "S&P 500",
      "benchmark": false,
      "latest_period": "2025-12-31",
      "prior_period": "2024-12-31",
      "sector": "Communication Services",
      "industry": "Internet Content & Information",
      "price": 639.77,
      "valuation_model": "PE",
      "valuation_style": "tech_hypergrowth",
      "actual_multiple": 27.25,
      "fair_multiple": 41.55,
      "multiple_ratio": 0.66,
      "fair_price": 975.64,
      "valuation_gap_pct": 52.5,
      "assessment": "Undervalued",
      "opportunity_score": 95.6,
      "score_total": 65.6,
      "grade": "D",
      "data_completeness_pct": 100.0,
      "components": {
        "growth_revenue": 13.8,
        "growth_eps": 10.8,
        "profit_margin_level": 12.0,
        "profit_margin_yoy": 1.6,
        "guidance": 12.0,
        "capital_fcf": 6.6,
        "capital_leverage": 8.8
      },
      "metrics": {
        "revenue_yoy_pct": 23.8,
        "eps_yoy_pct": 10.7,
        "op_margin_latest_pct": 41.3,
        "op_margin_prior_pct": 48.3,
        "fcf_yoy_pct": 9.3,
        "net_debt_to_ebitda": 0.18
      },
      "next_earnings_iso": "2026-04-29T21:00:00+00:00",
      "next_earnings_ts": 1777496400
    },
    {
      "name": "Nvidia",
      "ticker": "NVDA",
      "index": "S&P 500",
      "benchmark": false,
      "latest_period": "2025-10-31",
      "prior_period": "2024-10-31",
      "sector": "Technology",
      "industry": "Semiconductors",
      "price": 182.81,
      "valuation_model": "PE",
      "valuation_style": "tech_hypergrowth",
      "actual_multiple": 45.24,
      "fair_multiple": 47.64,
      "multiple_ratio": 0.95,
      "fair_price": 192.51,
      "valuation_gap_pct": 5.3,
      "assessment": "Fair",
      "opportunity_score": 90.1,
      "score_total": 80.1,
      "grade": "B-",
      "data_completeness_pct": 100.0,
      "components": {
        "growth_revenue": 15.0,
        "growth_eps": 15.0,
        "profit_margin_level": 12.0,
        "profit_margin_yoy": 8.1,
        "guidance": 12.0,
        "capital_fcf": 9.2,
        "capital_leverage": 8.8
      },
      "metrics": {
        "revenue_yoy_pct": 62.5,
        "eps_yoy_pct": 66.7,
        "op_margin_latest_pct": 63.2,
        "op_margin_prior_pct": 62.3,
        "fcf_yoy_pct": 31.5,
        "net_debt_to_ebitda": 0.07
      },
      "next_earnings_iso": "2026-02-25T21:00:00+00:00",
      "next_earnings_ts": 1772053200
    },
    {
      "name": "Amazon",
      "ticker": "AMZN",
      "index": "S&P 500",
      "benchmark": false,
      "latest_period": "2025-12-31",
      "prior_period": "2024-12-31",
      "sector": "Consumer Cyclical",
      "industry": "Internet Retail",
      "price": 198.79,
      "valuation_model": "PE",
      "valuation_style": "tech_hypergrowth",
      "actual_multiple": 27.69,
      "fair_multiple": 38.61,
      "multiple_ratio": 0.72,
      "fair_price": 277.23,
      "valuation_gap_pct": 39.5,
      "assessment": "Undervalued",
      "opportunity_score": 88.6,
      "score_total": 58.6,
      "grade": "F",
      "data_completeness_pct": 100.0,
      "components": {
        "growth_revenue": 12.3,
        "growth_eps": 8.2,
        "profit_margin_level": 6.0,
        "profit_margin_yoy": 8.1,
        "guidance": 12.0,
        "capital_fcf": 3.2,
        "capital_leverage": 8.8
      },
      "metrics": {
        "revenue_yoy_pct": 13.6,
        "eps_yoy_pct": 4.8,
        "op_margin_latest_pct": 11.7,
        "op_margin_prior_pct": 11.3,
        "fcf_yoy_pct": -16.1,
        "net_debt_to_ebitda": 0.82
      },
      "next_earnings_iso": "2026-04-30T21:00:00+00:00",
      "next_earnings_ts": 1777582800
    },
    {
      "name": "Apple",
      "ticker": "AAPL",
      "index": "S&P 500",
      "benchmark": false,
      "latest_period": "2025-12-31",
      "prior_period": "2024-12-31",
      "sector": "Technology",
      "industry": "Consumer Electronics",
      "price": 255.78,
      "valuation_model": "PE",
      "valuation_style": "tech_quality",
      "actual_multiple": 32.38,
      "fair_multiple": 36.67,
      "multiple_ratio": 0.88,
      "fair_price": 289.69,
      "valuation_gap_pct": 13.3,
      "assessment": "Fair",
      "opportunity_score": 85.5,
      "score_total": 75.5,
      "grade": "C",
      "data_completeness_pct": 100.0,
      "components": {
        "growth_revenue": 13.8,
        "growth_eps": 10.8,
        "profit_margin_level": 12.0,
        "profit_margin_yoy": 8.1,
        "guidance": 12.0,
        "capital_fcf": 10.0,
        "capital_leverage": 8.8
      },
      "metrics": {
        "revenue_yoy_pct": 15.7,
        "eps_yoy_pct": 18.3,
        "op_margin_latest_pct": 35.4,
        "op_margin_prior_pct": 34.5,
        "fcf_yoy_pct": 91.0,
        "net_debt_to_ebitda": 0.21
      },
      "next_earnings_iso": "2026-04-30T21:00:00+00:00",
      "next_earnings_ts": 1777582800
    },
    {
      "name": "Novo Nordisk",
      "ticker": "NVO",
      "index": "OMXC25",
      "benchmark": false,
      "latest_period": "2025-12-31",
      "prior_period": "2024-12-31",
      "sector": "Healthcare",
      "industry": "Drug Manufacturers - General",
      "price": 49.57,
      "valuation_model": "PE",
      "valuation_style": "healthcare",
      "actual_multiple": 13.54,
      "fair_multiple": 22.62,
      "multiple_ratio": 0.6,
      "fair_price": 82.79,
      "valuation_gap_pct": 67.0,
      "assessment": "Undervalued",
      "opportunity_score": 75.4,
      "score_total": 45.4,
      "grade": "F",
      "data_completeness_pct": 100.0,
      "components": {
        "growth_revenue": 4.5,
        "growth_eps": 4.5,
        "profit_margin_level": 12.0,
        "profit_margin_yoy": 3.6,
        "guidance": 12.0,
        "capital_fcf": 0.0,
        "capital_leverage": 8.8
      },
      "metrics": {
        "revenue_yoy_pct": -7.6,
        "eps_yoy_pct": -4.7,
        "op_margin_latest_pct": 40.1,
        "op_margin_prior_pct": 42.9,
        "fcf_yoy_pct": -750.8,
        "net_debt_to_ebitda": 0.64
      },
      "next_earnings_iso": "2026-05-06T13:30:00+00:00",
      "next_earnings_ts": 1778074200
    },
    {
      "name": "Danske Bank",
      "ticker": "DANSKE.CO",
      "index": "OMXC25",
      "benchmark": false,
      "latest_period": "2025-12-31",
      "prior_period": "2024-12-31",
      "sector": "Financial Services",
      "industry": "Banks - Regional",
      "price": 334.1,
      "valuation_model": "PB",
      "valuation_style": "financials",
      "actual_multiple": 1.5,
      "fair_multiple": 1.69,
      "multiple_ratio": 0.89,
      "fair_price": 375.44,
      "valuation_gap_pct": 12.4,
      "assessment": "Fair",
      "opportunity_score": 70.5,
      "score_total": 60.5,
      "grade": "D-",
      "data_completeness_pct": 50.0,
      "components": {
        "growth_revenue": 8.2,
        "guidance": 12.0,
        "capital_fcf": 10.0
      },
      "metrics": {
        "revenue_yoy_pct": 4.6,
        "eps_yoy_pct": null,
        "op_margin_latest_pct": null,
        "op_margin_prior_pct": null,
        "fcf_yoy_pct": 177.0,
        "net_debt_to_ebitda": null
      },
      "next_earnings_iso": "2026-04-30T16:00:00+00:00",
      "next_earnings_ts": 1777564800
    },
    {
      "name": "Berkshire Hathaway",
      "ticker": "BRK-B",
      "index": "S&P 500",
      "benchmark": false,
      "latest_period": "2025-09-30",
      "prior_period": "2024-09-30",
      "sector": "Financial Services",
      "industry": "Insurance - Diversified",
      "price": 497.55,
      "valuation_model": "PB",
      "valuation_style": "financials",
      "actual_multiple": 0.0,
      "fair_multiple": 1.29,
      "multiple_ratio": 0.0,
      "fair_price": 628333.22,
      "valuation_gap_pct": 126185.4,
      "assessment": "Undervalued",
      "opportunity_score": 68.6,
      "score_total": 38.6,
      "grade": "F",
      "data_completeness_pct": 35.0,
      "components": {
        "guidance": 12.0,
        "capital_fcf": 1.5
      },
      "metrics": {
        "revenue_yoy_pct": null,
        "eps_yoy_pct": null,
        "op_margin_latest_pct": null,
        "op_margin_prior_pct": null,
        "fcf_yoy_pct": -42.4,
        "net_debt_to_ebitda": null
      },
      "next_earnings_iso": "2026-02-28T21:00:00+00:00",
      "next_earnings_ts": 1772312400
    }
  ],
  "upcoming_earnings_next_5": [
    {
      "company": "A.P. Moller - Maersk",
      "ticker": "MAERSK-B.CO",
      "index": "OMXC25",
      "next_earnings_iso": "2026-02-05T16:00:00+00:00",
      "next_earnings_ts": 1770307200,
      "assessment": "Overvalued",
      "price": 14990.0,
      "fair_price": 2878.24,
      "score_total": 36.0,
      "grade": "F",
      "opportunity_score": 16.0,
      "valuation_model": "EV/EBITDA",
      "multiple_ratio": 5.21,
      "components": {
        "growth_revenue": 4.5,
        "guidance": 12.0,
        "capital_fcf": 1.5
      },
      "metrics": {
        "revenue_yoy_pct": -8.7,
        "eps_yoy_pct": null,
        "op_margin_latest_pct": null,
        "op_margin_prior_pct": null,
        "fcf_yoy_pct": -42.2,
        "net_debt_to_ebitda": null
      }
    },
    {
      "company": "Walmart",
      "ticker": "WMT",
      "index": "S&P 500",
      "next_earnings_iso": "2026-02-19T13:30:00+00:00",
      "next_earnings_ts": 1771507800,
      "assessment": "Overvalued",
      "price": 133.89,
      "fair_price": 67.1,
      "score_total": 63.0,
      "grade": "D",
      "opportunity_score": 43.0,
      "valuation_model": "PE",
      "multiple_ratio": 2.0,
      "components": {
        "growth_revenue": 10.5,
        "growth_eps": 14.1,
        "profit_margin_level": 1.8,
        "profit_margin_yoy": 5.9,
        "guidance": 12.0,
        "capital_fcf": 10.0,
        "capital_leverage": 8.8
      },
      "metrics": {
        "revenue_yoy_pct": 5.8,
        "eps_yoy_pct": 35.1,
        "op_margin_latest_pct": 3.7,
        "op_margin_prior_pct": 4.0,
        "fcf_yoy_pct": 405.9,
        "net_debt_to_ebitda": 0.72
      }
    },
    {
      "company": "Nvidia",
      "ticker": "NVDA",
      "index": "S&P 500",
      "next_earnings_iso": "2026-02-25T21:00:00+00:00",
      "next_earnings_ts": 1772053200,
      "assessment": "Fair",
      "price": 182.81,
      "fair_price": 192.51,
      "score_total": 80.1,
      "grade": "B-",
      "opportunity_score": 90.1,
      "valuation_model": "PE",
      "multiple_ratio": 0.95,
      "components": {
        "growth_revenue": 15.0,
        "growth_eps": 15.0,
        "profit_margin_level": 12.0,
        "profit_margin_yoy": 8.1,
        "guidance": 12.0,
        "capital_fcf": 9.2,
        "capital_leverage": 8.8
      },
      "metrics": {
        "revenue_yoy_pct": 62.5,
        "eps_yoy_pct": 66.7,
        "op_margin_latest_pct": 63.2,
        "op_margin_prior_pct": 62.3,
        "fcf_yoy_pct": 31.5,
        "net_debt_to_ebitda": 0.07
      }
    },
    {
      "company": "Berkshire Hathaway",
      "ticker": "BRK-B",
      "index": "S&P 500",
      "next_earnings_iso": "2026-02-28T21:00:00+00:00",
      "next_earnings_ts": 1772312400,
      "assessment": "Undervalued",
      "price": 497.55,
      "fair_price": 628333.22,
      "score_total": 38.6,
      "grade": "F",
      "opportunity_score": 68.6,
      "valuation_model": "PB",
      "multiple_ratio": 0.0,
      "components": {
        "guidance": 12.0,
        "capital_fcf": 1.5
      },
      "metrics": {
        "revenue_yoy_pct": null,
        "eps_yoy_pct": null,
        "op_margin_latest_pct": null,
        "op_margin_prior_pct": null,
        "fcf_yoy_pct": -42.4,
        "net_debt_to_ebitda": null
      }
    },
    {
      "company": "Broadcom",
      "ticker": "AVGO",
      "index": "S&P 500",
      "next_earnings_iso": "2026-03-04T21:00:00+00:00",
      "next_earnings_ts": 1772658000,
      "assessment": "Overvalued",
      "price": 325.17,
      "fair_price": 235.96,
      "score_total": 84.2,
      "grade": "B",
      "opportunity_score": 64.2,
      "valuation_model": "PE",
      "multiple_ratio": 1.38,
      "components": {
        "growth_revenue": 15.0,
        "growth_eps": 15.0,
        "profit_margin_level": 12.0,
        "profit_margin_yoy": 13.0,
        "guidance": 12.0,
        "capital_fcf": 10.0,
        "capital_leverage": 7.2
      },
      "metrics": {
        "revenue_yoy_pct": 28.2,
        "eps_yoy_pct": 93.3,
        "op_margin_latest_pct": 41.7,
        "op_margin_prior_pct": 32.9,
        "fcf_yoy_pct": 36.2,
        "net_debt_to_ebitda": 1.24
      }
    }
  ],
  "summary": {
    "undervalued": 7,
    "fair": 4,
    "overvalued": 12,
    "na": 0
  }
}